{"gold_per_floor":[114,129,129,144,219,249,249,264,339,14,44,44,44,74,74,174,174,189,189,189,204,219,249,264,294,294,324,339,354,629,644,644,744,744,759,809,840,855,870,900,915,915,915,407,422,422,452,467,467,467],"floor_reached":51,"playtime":3347,"items_purged":[],"score":1414,"play_id":"9b172115-211e-43f7-85d1-0c4ea7c7e1f0","local_time":"20230315035945","daily_mods":["Chimera","Time Dilation","Night Terrors"],"is_ascension_mode":false,"campfire_choices":[{"data":"Eruption","floor":7,"key":"SMITH"},{"data":"ForeignInfluence","floor":12,"key":"SMITH"},{"data":"MentalFortress","floor":15,"key":"SMITH"},{"data":"Protect","floor":32,"key":"SMITH"},{"data":"Protect","floor":42,"key":"SMITH"},{"data":"Wallop","floor":49,"key":"SMITH"}],"neow_cost":"","seed_source_timestamp":0,"circlet_count":0,"master_deck":["Survivor","Zap","Eruption+1","Strike_R","Strike_G","Strike_B","Defend_R","Defend_G","Defend_P","EmptyFist","Protect","Collect","CrushJoints","InnerPeace","Tantrum","MentalFortress+1","ForeignInfluence+1","CarveReality","Evaluate","JustLucky","Tantrum","CutThroughFate","RitualDagger","ForeignInfluence+1","DeceiveReality","Wallop+1","Protect+1","Protect+1","JustLucky+1","Injury","JustLucky+1","FearNoEvil+1","Tantrum+1","InnerPeace","Regret","Tantrum+1","Protect","CarveReality+1","JustLucky+1","Pain","FollowUp+1","EmptyFist+1","InnerPeace","Parasite","Evaluate","WaveOfTheHand+1","CarveReality+1","Evaluate+1","Writhe","Evaluate","SandsOfTime+1","PanicButton","Weave+1","CarveReality+1","EmptyFist+1","ForeignInfluence","Crescendo"],"special_seed":19431,"relics":["PureWater","Vajra","Blue Candle","TungstenRod","Ginger","Cursed Key","Prayer Wheel","Molten Egg 2","StrikeDummy","Ornamental Fan","Black Star","Orichalcum","Torii","Singing Bowl","Bird Faced Urn","GoldenEye","Membership Card","Bottled Flame","Blood Vial","InkBottle","Bottled Tornado"],"potions_floor_usage":[6,14,23,23,25,27,29,33,33,33,33,33,40,50,50,50],"damage_taken":[{"damage":2,"enemies":"Small Slimes","floor":1,"turns":3},{"damage":0,"enemies":"Cultist","floor":2,"turns":2},{"damage":1,"enemies":"Jaw Worm","floor":4,"turns":2},{"damage":8,"enemies":"3 Sentries","floor":6,"turns":8},{"damage":2,"enemies":"Blue Slaver","floor":8,"turns":3},{"damage":0,"enemies":"Lagavulin","floor":11,"turns":6},{"damage":0,"enemies":"3 Sentries","floor":14,"turns":4},{"damage":0,"enemies":"Slime Boss","floor":16,"turns":4},{"damage":18,"enemies":"2 Thieves","floor":18,"turns":2},{"damage":4,"enemies":"Shell Parasite","floor":21,"turns":3},{"damage":4,"enemies":"Cultist and Chosen","floor":22,"turns":2},{"damage":0,"enemies":"Slavers","floor":23,"turns":2},{"damage":0,"enemies":"Snecko","floor":24,"turns":1},{"damage":0,"enemies":"Book of Stabbing","floor":25,"turns":3},{"damage":0,"enemies":"Gremlin Leader","floor":27,"turns":8},{"damage":0,"enemies":"Shelled Parasite and Fungi","floor":28,"turns":4},{"damage":14,"enemies":"Centurion and Healer","floor":29,"turns":11},{"damage":0,"enemies":"Cultist and Chosen","floor":31,"turns":4},{"damage":0,"enemies":"Collector","floor":33,"turns":7},{"damage":0,"enemies":"3 Darklings","floor":35,"turns":5},{"damage":8,"enemies":"2 Orb Walkers","floor":37,"turns":4},{"damage":0,"enemies":"3 Shapes","floor":38,"turns":3},{"damage":0,"enemies":"Writhing Mass","floor":39,"turns":3},{"damage":0,"enemies":"Nemesis","floor":40,"turns":5},{"damage":11,"enemies":"Jaw Worm Horde","floor":41,"turns":3},{"damage":0,"enemies":"Transient","floor":45,"turns":5},{"damage":0,"enemies":"Giant Head","floor":47,"turns":5},{"damage":0,"enemies":"Sphere and 2 Shapes","floor":48,"turns":3},{"damage":32,"enemies":"Time Eater","floor":50,"turns":9}],"seed_played":"4067819721272561566","potions_obtained":[{"floor":2,"key":"Swift Potion"},{"floor":6,"key":"EntropicBrew"},{"floor":14,"key":"SpeedPotion"},{"floor":16,"key":"ColorlessPotion"},{"floor":18,"key":"DistilledChaos"},{"floor":23,"key":"SneckoOil"},{"floor":24,"key":"BottledMiracle"},{"floor":25,"key":"AttackPotion"},{"floor":28,"key":"FearPotion"},{"floor":37,"key":"GamblersBrew"},{"floor":40,"key":"LiquidMemories"},{"floor":41,"key":"Weak Potion"}],"is_trial":false,"path_per_floor":["M","M","?","M","?","E","R","M","T","$","E","R","$","E","R","B",null,"M","?","?","M","M","E","M","E","T","E","M","M","?","M","R","B",null,"M","T","?","M","M","E","M","R","T","$","M","?","E","M","R","B",null],"character_chosen":"WATCHER","items_purchased":["Block Potion","MentalFortress","ForeignInfluence","CarveReality","Evaluate","Membership Card","Bottled Flame","Blood Vial","Evaluate","SandsOfTime+1","PanicButton","BlessingOfTheForge","Weave+1"],"campfire_rested":0,"item_purchase_floors":[10,10,10,10,10,44,44,44,44,44,44,44,44],"current_hp_per_floor":[70,70,70,69,58,50,50,48,48,48,48,48,48,48,48,48,72,54,49,49,45,41,41,41,41,41,41,41,27,27,27,27,27,72,72,72,64,64,64,64,57,57,57,57,63,63,65,69,69,41],"gold":467,"neow_bonus":"","is_prod":false,"is_daily":true,"chose_seed":false,"campfire_upgraded":6,"win_rate":0,"timestamp":1678867185,"path_taken":["M","M","?","?","?","E","R","M","T","$","E","R","$","E","R","BOSS","M","?","?","?","M","E","M","E","T","E","M","?","?","M","R","BOSS","M","?","?","M","M","E","M","R","T","$","M","?","E","M","R","BOSS"],"build_version":"2022-12-18","purchased_purges":0,"victory":true,"max_hp_per_floor":[72,72,72,72,72,72,72,72,72,72,72,72,72,72,72,72,72,72,72,72,72,72,72,72,72,72,72,72,72,72,72,72,72,72,72,72,72,72,72,72,74,74,74,74,76,76,76,76,76,76],"card_choices":[{"not_picked":["Study","FlyingSleeves"],"picked":"EmptyFist","floor":1},{"not_picked":["FollowUp","Evaluate"],"picked":"Protect","floor":2},{"not_picked":["Evaluate","Nirvana"],"picked":"CrushJoints","floor":4},{"not_picked":["FollowUp","ClearTheMind"],"picked":"InnerPeace","floor":6},{"not_picked":["FollowUp","PathToVictory"],"picked":"Tantrum","floor":8},{"not_picked":["EmptyMind","WindmillStrike"],"picked":"JustLucky","floor":11},{"not_picked":["DeusExMachina","JustLucky"],"picked":"Tantrum","floor":14},{"not_picked":["Crescendo+1","Perseverance"],"picked":"CutThroughFate","floor":18},{"not_picked":["JustLucky","Prostrate"],"picked":"DeceiveReality","floor":21},{"not_picked":["JustLucky+1","Study"],"picked":"Wallop","floor":22},{"not_picked":["Nirvana+1","JustLucky"],"picked":"Protect","floor":23},{"not_picked":["Wish","ClearTheMind"],"picked":"Protect","floor":24},{"not_picked":["CrushJoints","WindmillStrike","Halt"],"picked":"SKIP","floor":24},{"not_picked":["LikeWater","MentalFortress"],"picked":"JustLucky+1","floor":25},{"not_picked":["Fasting2","Prostrate"],"picked":"JustLucky+1","floor":27},{"not_picked":["Alpha","PathToVictory"],"picked":"FearNoEvil+1","floor":28},{"not_picked":["PathToVictory","Fasting2","Meditate"],"picked":"SKIP","floor":28},{"not_picked":["Evaluate","SashWhip+1"],"picked":"Tantrum+1","floor":29},{"not_picked":["Collect+1","WreathOfFlame+1"],"picked":"InnerPeace","floor":29},{"not_picked":["DeceiveReality","BattleHymn"],"picked":"Tantrum+1","floor":31},{"not_picked":["EmptyFist+1","MentalFortress+1"],"picked":"Protect","floor":31},{"not_picked":["WindmillStrike+1","ThirdEye+1"],"picked":"CarveReality+1","floor":35},{"not_picked":["EmptyFist+1","ThirdEye+1"],"picked":"JustLucky+1","floor":35},{"not_picked":["JustLucky+1","FlurryOfBlows+1"],"picked":"FollowUp+1","floor":37},{"not_picked":["Vault","EmptyBody"],"picked":"EmptyFist+1","floor":38},{"not_picked":["SashWhip+1","ThirdEye"],"picked":"InnerPeace","floor":38},{"not_picked":["FlyingSleeves+1","Halt"],"picked":"Evaluate","floor":39},{"not_picked":["FlurryOfBlows+1","Conclude+1"],"picked":"WaveOfTheHand+1","floor":39},{"not_picked":["Prostrate+1","SashWhip+1"],"picked":"CarveReality+1","floor":40},{"not_picked":["EmptyFist+1","WaveOfTheHand+1"],"picked":"Evaluate+1","floor":41},{"not_picked":["FlurryOfBlows+1","Halt+1","ConjureBlade"],"picked":"Singing Bowl","floor":41},{"not_picked":["SignatureMove+1","FearNoEvil+1"],"picked":"CarveReality+1","floor":45},{"not_picked":["Consecrate+1","BowlingBash+1","FlurryOfBlows+1"],"picked":"Singing Bowl","floor":45},{"not_picked":["Nirvana","Worship"],"picked":"EmptyFist+1","floor":47},{"not_picked":["DeceiveReality","BowlingBash+1"],"picked":"ForeignInfluence","floor":48},{"not_picked":["Meditate","WheelKick+1"],"picked":"Crescendo","floor":48}],"player_experience":6839388,"relics_obtained":[{"floor":6,"key":"Vajra"},{"floor":9,"key":"Blue Candle"},{"floor":11,"key":"TungstenRod"},{"floor":14,"key":"Ginger"},{"floor":23,"key":"Prayer Wheel"},{"floor":25,"key":"Molten Egg 2"},{"floor":26,"key":"StrikeDummy"},{"floor":27,"key":"Ornamental Fan"},{"floor":36,"key":"Orichalcum"},{"floor":37,"key":"Torii"},{"floor":40,"key":"Singing Bowl"},{"floor":40,"key":"Bird Faced Urn"},{"floor":43,"key":"GoldenEye"},{"floor":47,"key":"InkBottle"},{"floor":47,"key":"Bottled Tornado"}],"event_choices":[{"damage_healed":0,"gold_gain":0,"player_choice":"1 cards matched","damage_taken":0,"max_hp_gain":0,"max_hp_loss":0,"event_name":"Match and Keep!","floor":3,"gold_loss":0,"cards_obtained":["Collect"]},{"damage_healed":0,"gold_gain":75,"player_choice":"Gather Gold","damage_taken":11,"max_hp_gain":0,"max_hp_loss":0,"event_name":"World of Goop","floor":5,"gold_loss":0},{"damage_healed":0,"gold_gain":0,"player_choice":"Joined the Cult","damage_taken":6,"max_hp_gain":0,"max_hp_loss":0,"event_name":"Nest","floor":19,"gold_loss":0,"cards_obtained":["RitualDagger"]},{"damage_healed":0,"gold_gain":0,"player_choice":"Copied","damage_taken":0,"max_hp_gain":0,"max_hp_loss":0,"event_name":"Duplicator","floor":20,"gold_loss":0,"cards_obtained":["ForeignInfluence"]},{"damage_healed":0,"gold_gain":275,"player_choice":"Desecrate","damage_taken":0,"max_hp_gain":0,"max_hp_loss":0,"event_name":"Golden Shrine","floor":30,"gold_loss":0,"cards_obtained":["Regret"]},{"damage_healed":0,"gold_gain":0,"player_choice":"Fight","damage_taken":0,"max_hp_gain":0,"max_hp_loss":0,"event_name":"Mysterious Sphere","floor":37,"gold_loss":0},{"cards_removed":["Bash"],"damage_healed":0,"gold_gain":0,"player_choice":"Removed Attack","damage_taken":0,"max_hp_gain":0,"max_hp_loss":0,"event_name":"Falling","floor":46,"gold_loss":0}],"is_beta":false,"boss_relics":[{"not_picked":["SacredBark","SlaversCollar"],"picked":"Cursed Key"},{"not_picked":["Empty Cage","Sozu"],"picked":"Black Star"}],"items_purged_floors":[],"is_endless":false,"potions_floor_spawned":[2,6,14,16,18,23,24,25,28,37,40,41,47,48],"ascension_level":0}